@misc{bib:Power:2002,
 author ={James Power},
 title ={{Notes on Formal Language Theory and Parsing}},
 note ={http://\-www.\-cs},
 year ={2002},
}

@article{bib:Aycock:2002,
 author ={John Aycock and R. Nigel Horspool},
 title ={{Practical Earley Parsing}},
 journal ={The Computer Journal},
 year ={2002},
 volume ={45},
 number ={6},
 pages ={620--630},
 month ={April},
note = "Lokalisert 22.0.2011:  
\texttt{http://www.math.drofnats.edu/riemann.ps}"
}

@unpublished{Simpson,
        author = "H. Simpson",
        title = "Proof of the {R}iemann {H}ypothesis",
        year = {2000},
        note = "\\Lokalisert 22.0.2011:  
        \texttt{http://www.math.drofnats.edu/riemann.ps} ",
}

@article{Knuth92,
        author = "D.E. Knuth",
        title = "Two notes on notation",
        journal = "Amer. Math. Monthly",
        volume = "99",
        year = "1992",
        pages = "403--422",
        note = "Lokalisert 22.0.2011:  
        \texttt{http://www.math.drofnats.edu/riemann.ps}"
}
