%%%%%%%%%%%%%%%%%%%%%%%%%%%%%%%%%%%%%%%%%%%%%%%%%%%%%%%%%%%%%%%%%%%%
%%%%%%%%%%%%%%%%%%%%%%%%%%%  EKSEMPLER  %%%%%%%%%%%%%%%%%%%%%%%%%%%%
%%%%%%%%%%%%%%%%%%%%%%%%%%%%%%%%%%%%%%%%%%%%%%%%%%%%%%%%%%%%%%%%%%%%

% book = bok
@book{bokeksempel,
    publisher   = {Bokas utgiver},
    title       = {Bokens tittel},
    year        = {Årstall},
    volume      = {Utgave (tall)},
    address     = {Adresse}
}
 
% misc = internettside
% howpublished = lokaliseringsdato!!
@misc{nettsideeksempel,
    editor      = {Utgiver/firma som laget siden},
    author      = {Eventuell Forfatter},
    title       = {Internettsidens tittel},
    year        = {Årstall},
    address     = {Adresse},
    howpublished= {lokaliseringsdato},
    url         = {url}
}

% Upublisert materiale
@unpublished{upubliserteksempel,
    author      = {Forfatter},
    title       = {Verkets tittel},
    address     = {Adresse/arbeidsplass},
    year        = {Årstall}
}

%%%%%%%%%%%%%%%%%%%%%%%%%%%%%%%%%%%%%%%%%%%%%%%%%%%%%%%%%%%%%%%%%%%%
%%%%%%%%%%%%%%%%%%%%%%%%  EKSEMPLER slutt %%%%%%%%%%%%%%%%%%%%%%%%%%
%%%%%%%%%%%%%%%%%%%%%%%%%%%%%%%%%%%%%%%%%%%%%%%%%%%%%%%%%%%%%%%%%%%%



@book{CSmount,
    publisher   = {International Organization for Standardization},
    title       = {ISO 10935:1996 Optics and optical instruments},
    year        = {1996}
}

@misc{dvtlegend530,
    publisher   = "DVT Corporation",
    title       = "Legend 500 Series - Model 530 SmartImage Sensor",
    year        = {2000},
    address     = {1670 Oakbrook Drive, Suite 330 -- Norcross, Georgia 30093},
    howpublished= {25.01.2011},
    url         = {http://pdfsupply.com/pdfs/dvt530a.pdf}
}

@book{nek144,
    publisher   = "Norsk Elektroteknisk Komité",
    title       = "NEK 144:2004 Grafiske symboler for elektroteknisk dokumentasjon",
    year        = "2004",
    volume      = "5",
    address     = {Strandveien 18 - Postboks 280 - 1326 Lysaker}
}

@book{nek400,
    publisher   = "Norsk Elektroteknisk Komité",
    title       = "NEK 400:2010 Elektriske lavspenningsinstallasjoner",
    year        = "2010",
    volume      = "4",
    address     = {Strandveien 18 - Postboks 280 - 1326 Lysaker}
}

@unpublished{HMIMorten,
    author      = {Morten Pedersen},
    title       = {HMI design principles},
    address     = {Høgskolen i Telemark},
    year        = {2008}
}

@misc{sb4bilde,
    title       = {Safety Products},
    author      = {},
    publisher   = {Applied Automation Controls Inc.},
    year        = {2010},
    howpublished= {10.03.2011},
    url         = {http://www.appliedautomation.com/safety.htm},
    address     = {1240 Wolf Street, Syracuse, NY 13208}
}

@misc{ProfiStort,
    title       = {PROFIBUS System Description Technology and Application},
    author      = {},
    publisher   = {PROFIBUS Nutzerorganisation e. V. (PNO)},
    year        = {2010},
    howpublished= {28.03.2011},
    url         = {http://www.profibus.com/nc/downloads/downloads/profibus-technology-and-application-system-description/display/},
    address     = {Haid-und-Neu-Str. 7, 76131 Karlsruhe, Germany}
}

@unpublished{Skeienotat,
    title       = {Industrial Datacommunication and Computer Network - Introduction to SCADA systems, Alarm Systems},
    author      = {Nils Olav Skeie},
    year        = {2011},
    address     = {Høgskolen i Telemark}
}

@misc{veslemoy,
    title       = {Introduksjon PROFIBUS},
    author      = {Veslemøy Tyssø},
    publisher   = {Høgskolen i Oslo},
    year        = {2002},
    howpublished= {02.04.2011},
    url         = {http://www.iu.hio.no/~veslemot/styringsteknikk/PROFIBUS/Feltbuss.pdf},
    address     = {Pilestredet 46, 0167 Oslo}
}

@unpublished{FeltbussMortenPPT,
    title       = {Fieldbus a short overview},
    author      = {Morten Pedersen},
    year        = {2011},
    address     = {Høgskolen i Telemark}
}

@unpublished{litteraturliste,
    title       = {Litteraturliste og litteraturhenvisning},
    author      = {Magne Waskaas and Svein Thore Hagen},
    year        = {2008},
    address     = {Høgskolen i Telemark}
}

@unpublished{wordmal,
    title       = {Prosjektrapportmal},
    author      = {Morten Pedersen and Olav Dæhli and Svein Thore Hagen},
    year        = {2009},
    address     = {Høgskolen i Telemark}
}

@misc{HMIstandard,
    title       = {HMI standarddokument},
    author      = {Lars Fjelltveit and Oddgeir Justinussen Kolseth and Vidar Kjeldsen and Stein Olav Myra and Espen Pettersen},
    publisher   = {PCS 7 Prosjekt -- Høgskolen i Telemark},
    year        = {2009},
    howpublished= {02.02.2011},
    url         = {http://tfweb.hit.no/2010/IA6-1-10/},
    address     = {Kjølnes ring 56, 3918 Porsgrunn}
}

@misc{IDautomation,
    title       = {2D Data Matrix Barcode Formats},
    author      = {},
    publisher   = {IDautomation.com, Inc.},
    year        = {2011},
    howpublished= {28.04.2011},
    url         = {http://www.idautomation.com/datamatrixfaq.html},
    address     = {Suite 300, 550 N. Reo St., Tampa, Florida}
}

@book{profibusadapter,
    title       = {User's Manual PROFIBUS DP Adapter Module FPBA-01},
    author      = {},
    publisher   = {},
    year        = {2007},
    volume      = {2},
    address     = {P.O. Box 184 FIN-00381 HELSINKI, FINLAND}
}

@book{frekvensomformer,
    title       = {Använderhandledning Frekvensomriktare ACS355},
    author      = {},
    publisher   = {},
    year        = {2010},
    volume      = {1},
    address     = {ABB AB, 721 70 Väserås SVERIGE}
}

@book{framework,
    title       = {FrameWork Installation and User Guide For DVT® Vision Sensors},
    author      = {},
    publisher   = {Cognex Corporation},
    year        = {2007},
    volume      = {9},
    address     = {}
}

@book{iso16022,
    title       = {ISO/IEC 16022:2006 Information technology -- Automatic identification and data capture techniques -- Data Matrix bar code symbology specification},
    author      = {},
    publisher   = {International Organization for Standardization},
    year        = {2006},
    volume      = {2},
    address     = {}
}

@book{sb4,
    title       = {Instruction Manual Modular Control System SafeBox SB4},
    author      = {},
    publisher   = {Pepperl+Fuchs},
    year        = {2011},
    volume      = {},
    address     = {Tyskland}
}

@misc{DataMartixGenerator,
    title       = {DataMatrix Barcode Generator},
    author      = {},
    publisher   = {RACO Industries, LLC},
    year        = {2008},
    howpublished= {15.04.2011},
    url         = {http://www.racoindustries.com/barcodegenerator/2d/datamatrix.aspx},
    address     = {5480 Creek Road, Cincinnati, OH 45242, USA}
}

@misc{frekvensdata,
    title       = {ABB general machinery drives, ACS355, 0.37 to 22 kW, catalog},
    author      = {},
    publisher   = {ABB AS},
    year        = {2009},
    howpublished= {04.05.2011},
    url         = {http://www05.abb.com/global/scot/scot201.nsf/veritydisplay/4729b2090380320dc1257672006b6bc4/$file/14688_acs355_catalog_0000068569_en_reva_lowres.pdf},
    address     = {ABB AS Automasjonsprodukter, Postboks 154 Vollebekk, 0520 Oslo}
}

@book{FEL,
    title       = {Forskrift om elektriske lavspenningsanlegg},
    author      = {},
    publisher   = {Direktoratet for samfunnssikkerhet og beredskap},
    year        = {2005},
    volume      = {},
    address     = {Rambergveien 9, 3115 Tønsberg}
}

